@article{stam2015isoforms,
  title={Isoforms confer characteristic force generation and mechanosensation by myosin II filaments},
  author={Stam, Samantha and Alberts, Jon and Gardel, Margaret L and Munro, Edwin},
  journal={Biophysical journal},
  volume={108},
  number={8},
  pages={1997--2006},
  year={2015},
  publisher={Elsevier}
}

@article{albert2014stochastic,
  title={Stochastic dynamics and mechanosensitivity of myosin II minifilaments},
  author={Albert, Philipp J and Erdmann, Thorsten and Schwarz, Ulrich S},
  journal={New Journal of Physics},
  volume={16},
  number={9},
  pages={093019},
  year={2014},
  publisher={IOP Publishing}
}

@article{vilfan2003instabilities,
  title={Instabilities in the transient response of muscle},
  author={Vilfan, Andrej and Duke, Thomas},
  journal={Biophysical journal},
  volume={85},
  number={2},
  pages={818--827},
  year={2003},
  publisher={Elsevier}
}

@article{nie2014conformational,
  title={Conformational flexibility of loops of myosin enhances the global bias in the actin--myosin interaction landscape},
  author={Nie, Qing-Miao and Sasai, Masaki and Terada, Tomoki P},
  journal={Physical Chemistry Chemical Physics},
  volume={16},
  number={14},
  pages={6441--6447},
  year={2014},
  publisher={Royal Society of Chemistry}
}

@article{pollard1982structure,
  title={Structure and polymerization of Acanthamoeba myosin-II filaments.},
  author={Pollard, Thomas D},
  journal={The Journal of cell biology},
  volume={95},
  number={3},
  pages={816--825},
  year={1982},
  publisher={Rockefeller University Press}
}

@article{garrigos1992structure,
  title={Structure of the myosin head in solution and the effect of light chain 2 removal},
  author={Garrigos, M and Mallam, S and Vachette, P and Bordas, J},
  journal={Biophysical journal},
  volume={63},
  number={6},
  pages={1462--1470},
  year={1992},
  publisher={Elsevier}
}

@article{finer1994single,
  title={Single myosin molecule mechanics: piconewton forces and nanometre steps},
  author={Finer, Jeffrey T and Simmons, Robert M and Spudich, James A and others},
  journal={Nature},
  volume={368},
  number={6467},
  pages={113--119},
  year={1994}
}

@article{placcais2009spontaneous,
  title={Spontaneous oscillations of a minimal actomyosin system under elastic loading},
  author={Pla{\c{c}}ais, P-Y and Balland, M and Gu{\'e}rin, T and Joanny, J-F and Martin, P},
  journal={Physical review letters},
  volume={103},
  number={15},
  pages={158102},
  year={2009},
  publisher={APS}
}

@article{saito1994movement,
  title={Movement of single myosin filaments and myosin step size on an actin filament suspended in solution by a laser trap},
  author={Saito, K and Aoki, Takaaki and Yanagida, T},
  journal={Biophysical journal},
  volume={66},
  number={3},
  pages={769--777},
  year={1994},
  publisher={Elsevier}
}

@article{kishino1988force,
  title={Force measurements by micromanipulation of a single actin filament by glass needles},
  author={Kishino, Akiyoshi and Yanagida, Toshio},
  year={1988},
  publisher={Nature Publishing Group}
}


