@FOOTNOTE{Note1,key="Note1",note="The myosin II and actin filament molecules were approximated in this calculation by long, thin cylinders \cite {}."}
